@misc{website:git-scm,
    howpublished="\url{http://git-scm.com/}"
}
@book{book:pro-git,
    author="Scott Chacon and Ben Straub",
    title="Pro Git",
    year="2014",
    publisher="Apress"
}
@misc{website:xkcd_git_comic,
    howpublished="\url{https://xkcd.com/1597}",
    author="Randall Munroe"
}
@misc{website:wiki_zlib,
    howpublished="\url{https://en.wikipedia.org/wiki/Zlib}"
}
@misc{website:git_initial_commit,
    title="e83c51633",
    howpublished="\url{https://github.com/git/git/commit/e83c5163316f89bfbde7d9ab23ca2e25604af290}"
}
@misc{website:SO_gitpull_considered_harmfull,
    howpublished="\url{http://stackoverflow.com/questions/15316601/in-what-cases-could-git-pull-be-harmful#15316602}"
}
